% Artigos sobre mineração de dados aplicado a educação

@inproceedings{detoni2014prediccao,
  title={Predi{\c{c}}{\~a}o de reprova{\c{c}}{\~a}o de alunos de educa{\c{c}}{\~a}o a dist{\^a}ncia utilizando contagem de intera{\c{c}}{\~o}es},
  author={Detoni, Douglas and Araujo, Ricardo Matsumura and Cechinel, Cristian},
  booktitle={Brazilian Symposium on Computers in Education (Simp{\'o}sio Brasileiro de Inform{\'a}tica na Educa{\c{c}}{\~a}o-SBIE)},
  volume={25},
  number={1},
  pages={896},
  year={2014}
}

@inproceedings{queiroga2015estudo,
  title={Um Estudo do Uso de Contagem de Intera{\c{c}}{\~o}es Semanais para Predi{\c{c}}{\~a}o Precoce de Evas{\~a}o em Educa{\c{c}}{\~a}o a Dist{\^a}ncia},
  author={Queiroga, Emanuel and Cechinel, Cristian and Ara{\'u}jo, Ricardo},
  booktitle={Anais dos Workshops do Congresso Brasileiro de Inform{\'a}tica na Educa{\c{c}}{\~a}o},
  volume={4},
  number={1},
  pages={1074},
  year={2015}
}

@inproceedings{santos2015clustering,
  title={Clustering learning objects for improving their recommendation via collaborative filtering algorithms},
  author={dos Santos, Henrique Lemos and Cechinel, Cristian and Araujo, Ricardo Matsumura and Sicilia, Miguel-{\'A}ngel},
  booktitle={Research Conference on Metadata and Semantics Research},
  pages={183--194},
  year={2015},
  organization={Springer}
}

@inproceedings{kantorski2016prediccao,
  title={Predi{\c{c}}{\~a}o da Evas{\~a}o em Cursos de Gradua{\c{c}}{\~a}o em Institui{\c{c}}{\~o}es P{\'u}blicas},
  author={Kantorski, Gustavo and Flores, Evandro G and Schmitt, J{\'a}der and Hoffmann, Ivan and Barbosa, Fernando},
  booktitle={Brazilian Symposium on Computers in Education (Simp{\'o}sio Brasileiro de Inform{\'a}tica na Educa{\c{c}}{\~a}o-SBIE)},
  volume={27},
  number={1},
  pages={906},
  year={2016}
}

@article{Pimentel2006,
author = {Pimentel, Edson P and Omar, Nizam},
file = {:home/alexandre/.var/app/com.elsevier.MendeleyDesktop/data/data/Mendeley Ltd./Mendeley Desktop/Downloaded/Pimentel, Omar - 2006 - Descobrindo Conhecimentos em Dados de Avalia{\c{c}}{\~{a}}o da Aprendizagem com T{\'{e}}cnicas de Minera{\c{c}}{\~{a}}o de Dados.pdf:pdf},
issn = {2316-6541},
journal = {Workshop de Inform{\'{a}}tica na Escola},
keywords = {data mining,o processo cont,ongoing assessment,resumo},
mendeley-groups = {Mestrado/Destaques},
pages = {147--155},
title = {{Descobrindo Conhecimentos em Dados de Avalia{\c{c}}{\~{a}}o da Aprendizagem com T{\'{e}}cnicas de Minera{\c{c}}{\~{a}}o de Dados.}},
url = {http://www.br-ie.org/pub/index.php/wie/article/view/885},
year = {2006}
}

@article{Rezende2002,
author = {Rezende, Solange Oliveira and Rezende, Solange Oliveira},
file = {:home/alexandre/Downloads/mineracaodedados.pdf:pdf},
journal = {Dados},
mendeley-groups = {Mestrado/Destaques/Ref{\^{e}}ncias},
pages = {397--433},
title = {{Minera{\c{c}}{\~{a}}o de Dados}},
year = {2002}
}


%% CBIE's papers

@inproceedings{de2016mineraccao,
  title={Minera{\c{c}}{\~a}o de Dados Educacionais Aplicada {\`a} An{\'a}lise Preditiva em F{\'o}runs no Moodle},
  author={de Avila Mendes, Ren{\^e} and Silva, Leandro Augusto},
  booktitle={Anais dos Workshops do Congresso Brasileiro de Inform{\'a}tica na Educa{\c{c}}{\~a}o},
  volume={5},
  number={1},
  pages={940},
  year={2016}
}

@inproceedings{simon2017mineraccao,
  title={Minera{\c{c}}{\~a}o de Dados Educacionais nos Resultados do ENEM de 2015},
  author={Simon, Augusto and Cazella, S{\'\i}lvio},
  booktitle={Anais dos Workshops do Congresso Brasileiro de Inform{\'a}tica na Educa{\c{c}}{\~a}o},
  volume={6},
  number={1},
  pages={754},
  year={2017}
}

@inproceedings{alves2018prediccao,
  title={Predi{\c{c}}{\~a}o do desempenho de Matem{\'a}tica e Suas Tecnologias do ENEM utilizando t{\'e}cnicas de Minera{\c{c}}{\~a}o De Dados},
  author={Alves, Rafael Damiani and Cechinel, Cristian and Queiroga, Emanuel},
  booktitle={Anais dos Workshops do Congresso Brasileiro de Inform{\'a}tica na Educa{\c{c}}{\~a}o},
  volume={7},
  number={1},
  pages={469},
  year={2018}
}

%% RBIE's papers

@article{rigo2014aplicaccoes,
  title={Aplica{\c{c}}{\~o}es de Minera{\c{c}}{\~a}o de Dados Educacionais e Learning Analytics com foco na evas{\~a}o escolar: oportunidades e desafios},
  author={Rigo, Sandro J and Cambruzzi, Wagner and Barbosa, Jorge LV and Cazella, S{\'\i}lvio C},
  journal={Revista Brasileira de Inform{\'a}tica na Educa{\c{c}}{\~a}o},
  volume={22},
  number={1},
  pages={132--146},
  year={2014}
}

@article{gottardo2014estimativa,
  title={Estimativa de desempenho acad{\^e}mico de estudantes: An{\'a}lise da aplica{\c{c}}ao de t{\'e}cnicas de minera{\c{c}}ao de dados em cursos a dist{\^a}ncia},
  author={Gottardo, Ernani and Kaestner, Celso Ant{\^o}nio Alves and Noronha, Robinson Vida},
  journal={Revista Brasileira de Inform{\'a}tica na Educa{\c{c}}{\~a}o},
  volume={22},
  number={1},
  year={2014}
}

@article{detoni2015modelagem,
  title={Modelagem e Predi{\c{c}}{\~a}o de Reprova{\c{c}}{\~a}o de Acad{\^e}micos de Cursos de Educa{\c{c}}{\~a}o a Dist{\^a}ncia a partir da Contagem de Intera{\c{c}}{\~o}es.},
  author={Detoni, Douglas and Cechinel, Cristian and Matsumura Ara{\'u}jo, Ricardo},
  journal={Revista Brasileira de Inform{\'a}tica na Educa{\c{c}}{\~a}o},
  volume={23},
  number={3},
  year={2015}
}

%% RENOTE's papers

@article{santos13evidencia,
  title={Evid{\^e}ncia do des{\^a}nimo de alunos em um ambiente virtual de ensino e aprendizagem: uma proposta a partir da minera{\c{c}}{\~a}o de dados educacionais},
  author={Santos, Fabr{\'\i}cia Damando and Bercht, Magda and Wives, Leandro Krug},
  journal={RENOTE},
  volume={13},
  number={2},
  year={2015}
}

@article{silva2016mineraccao,
  title={Minera{\c{c}}{\~a}o de Dados Educacionais Orientada por Atividades de Aprendizagem},
  author={Silva, Jo{\~a}o Carlos Sedraz and Rodrigues, Rodrigo Lins and Ramos, Jorge Luis Cavalcanti and de Souza, Fernando da Fonseca and Gomes, Alex Sandro},
  journal={RENOTE},
  volume={14},
  number={1},
  year={2016}
}

@article{da2014minerando,
  title={Minerando dados sobre o desempenho de alunos de cursos de educa{\c{c}}{\~a}o permanente em modalidade EAD: Um estudo de caso sobre evas{\~a}o escolar na UNA-SUS},
  author={da Costa, Susane Santos and Cazella, Silvio and Rigo, Sandro Jos{\'e}},
  journal={RENOTE},
  volume={12},
  number={2},
  year={2014}
}

%% SBIE's papers

@inproceedings{lanes2018prediccao,
  title={Predi{\c{c}}{\~a}o de Alunos com Risco de Evas{\~a}o: estudo de caso usando minera{\c{c}}{\~a}o de dados},
  author={Lanes, Mariele and Alc{\^a}ntara, Cleber},
  booktitle={Brazilian Symposium on Computers in Education (Simp{\'o}sio Brasileiro de Inform{\'a}tica na Educa{\c{c}}{\~a}o-SBIE)},
  volume={29},
  number={1},
  pages={1921},
  year={2018}
}

@inproceedings{dwan2017prediccao,
  title={Predi{\c{c}}{\~a}o de Zona de Aprendizagem de Alunos de Introdu{\c{c}}{\~a}o {\`a} Programa{\c{c}}{\~a}o em Ambientes de Corre{\c{c}}{\~a}o Autom{\'a}tica de C{\'o}digo},
  author={Dwan, Filipe and Oliveira, Elaine and Fernandes, David},
  booktitle={Brazilian Symposium on Computers in Education (Simp{\'o}sio Brasileiro de Inform{\'a}tica na Educa{\c{c}}{\~a}o-SBIE)},
  volume={28},
  number={1},
  pages={1507},
  year={2017}
}

@inproceedings{ramos2017modelo,
  title={Um modelo para Trilhas de Aprendizagem em um Ambiente Virtual de Aprendizagem},
  author={Ramos, David and Monteverde, Ilmara and do Nascimento, Priscilla and Amaral, Geovana and Oliveira, Elaine},
  booktitle={Brazilian Symposium on Computers in Education (Simp{\'o}sio Brasileiro de Inform{\'a}tica na Educa{\c{c}}{\~a}o-SBIE)},
  volume={28},
  number={1},
  pages={1407},
  year={2017}
}

@inproceedings{santos2016uso,
  title={Uso de S{\'e}ries Temporais e Sele{\c{c}}{\~a}o de Atributos em Minera{\c{c}}{\~a}o de Dados Educacionais para Previs{\~a}o de Desempenho Acad{\^e}mico},
  author={Santos, Rodrigo and Pitangui, Cristiano and Assis, Luciana and Vivas, Alessandro},
  booktitle={Brazilian Symposium on Computers in Education (Simp{\'o}sio Brasileiro de Inform{\'a}tica na Educa{\c{c}}{\~a}o-SBIE)},
  volume={27},
  number={1},
  pages={1146},
  year={2016}
}

@inproceedings{rabelo2017utilizaccao,
  title={Utiliza{\c{c}}{\~a}o de t{\'e}cnicas de minera{\c{c}}{\~a}o de dados educacionais para predi{\c{c}}{\~a}o de desempenho de alunos de EaD em ambientes virtuais de aprendizagem},
  author={Rabelo, Humberto and Burlamaqui, Aquiles and Valentim, Ricardo and de Souza Rabelo, Danieli Silva and Medeiros, Soraya},
  booktitle={Brazilian Symposium on Computers in Education (Simp{\'o}sio Brasileiro de Inform{\'a}tica na Educa{\c{c}}{\~a}o-SBIE)},
  volume={28},
  number={1},
  pages={1527},
  year={2017}
}

%% IEEEXPLORE

@inproceedings{devasia2016prediction,
  title={Prediction of students performance using Educational Data Mining},
  author={Devasia, Tismy and Vinushree, TP and Hegde, Vinayak},
  booktitle={Data Mining and Advanced Computing (SAPIENCE), International Conference on},
  pages={91--95},
  year={2016},
  organization={IEEE}
}

@inproceedings{zaffar2017performance,
  title={Performance analysis of feature selection algorithm for educational data mining},
  author={Zaffar, Maryam and Hashmani, Manzoor Ahmed and Savita, KS},
  booktitle={Big Data and Analytics (ICBDA), 2017 IEEE Conference on},
  pages={7--12},
  year={2017},
  organization={IEEE}
}

@inproceedings{amra2017students,
  title={Students performance prediction using KNN and Na{\"\i}ve Bayesian},
  author={Amra, Ihsan A Abu and Maghari, Ashraf YA},
  booktitle={Information Technology (ICIT), 2017 8th International Conference on},
  pages={909--913},
  year={2017},
  organization={IEEE}
}

@inproceedings{pradeep2015students,
  title={Students dropout factor prediction using EDM techniques},
  author={Pradeep, Anjana and Das, Smija and Kizhekkethottam, Jubilant J},
  booktitle={Soft-Computing and Networks Security (ICSNS), 2015 International Conference on},
  pages={1--7},
  year={2015},
  organization={IEEE}
}

@article{guarin2015model,
  title={A model to predict low academic performance at a specific enrollment using data mining},
  author={Guar{\'\i}n, Camilo Ernesto L{\'o}pez and Guzm{\'a}n, Elizabeth Le{\'o}n and Gonz{\'a}lez, Fabio A},
  journal={IEEE Revista Iberoamericana de tecnologias del Aprendizaje},
  volume={10},
  number={3},
  pages={119--125},
  year={2015},
  publisher={IEEE}
}

@inproceedings{de2014monitoring,
  title={Monitoring student performance using data clustering and predictive modelling},
  author={De Morais, Alana M and Araujo, Joseana MFR and Costa, Evandro B},
  booktitle={Frontiers in Education Conference (FIE), 2014 IEEE},
  pages={1--8},
  year={2014},
  organization={IEEE}
}

@inproceedings{hasbun2016extracurricular,
  title={Extracurricular activities as dropout prediction factors in higher education using decision trees},
  author={Hasbun, Tomas and Araya, Alexandra and Villalon, Jorge},
  booktitle={Advanced Learning Technologies (ICALT), 2016 IEEE 16th International Conference on},
  pages={242--244},
  year={2016},
  organization={IEEE}
}

@inproceedings{grivokostopoulou2014utilizing,
  title={Utilizing semantic web technologies and data mining techniques to analyze students learning and predict final performance},
  author={Grivokostopoulou, Foteini and Perikos, Isidoros and Hatzilygeroudis, Ioannis},
  booktitle={Teaching, Assessment and Learning (TALE), 2014 International Conference on},
  pages={488--494},
  year={2014},
  organization={IEEE}
}

%% ACM

@inproceedings{carter2015normalized,
  title={The normalized programming state model: Predicting student performance in computing courses based on programming behavior},
  author={Carter, Adam S and Hundhausen, Christopher D and Adesope, Olusola},
  booktitle={Proceedings of the eleventh annual International Conference on International Computing Education Research},
  pages={141--150},
  year={2015},
  organization={ACM}
}

@inproceedings{crossley2016combining,
  title={Combining click-stream data with NLP tools to better understand MOOC completion},
  author={Crossley, Scott and Paquette, Luc and Dascalu, Mihai and McNamara, Danielle S and Baker, Ryan S},
  booktitle={Proceedings of the sixth international conference on learning analytics \& knowledge},
  pages={6--14},
  year={2016},
  organization={ACM}
}

@inproceedings{ahadi2015exploring,
  title={Exploring machine learning methods to automatically identify students in need of assistance},
  author={Ahadi, Alireza and Lister, Raymond and Haapala, Heikki and Vihavainen, Arto},
  booktitle={Proceedings of the eleventh annual International Conference on International Computing Education Research},
  pages={121--130},
  year={2015},
  organization={ACM}
}

@inproceedings{pardo2016exploring,
  title={Exploring the relation between self-regulation, online activities, and academic performance: A case study},
  author={Pardo, Abelardo and Han, Feifei and Ellis, Robert A},
  booktitle={Proceedings of the Sixth International Conference on Learning Analytics \& Knowledge},
  pages={422--429},
  year={2016},
  organization={ACM}
}

@inproceedings{tamhane2014predicting,
  title={Predicting student risks through longitudinal analysis},
  author={Tamhane, Ashay and Ikbal, Shajith and Sengupta, Bikram and Duggirala, Mayuri and Appleton, James},
  booktitle={Proceedings of the 20th ACM SIGKDD international conference on Knowledge discovery and data mining},
  pages={1544--1552},
  year={2014},
  organization={ACM}
}

@inproceedings{manhaes2014wave,
  title={WAVE: an architecture for predicting dropout in undergraduate courses using EDM},
  author={Manh{\~a}es, Laci Mary Barbosa and da Cruz, S{\'e}rgio Manuel Serra and Zimbr{\~a}o, Geraldo},
  booktitle={Proceedings of the 29th Annual ACM Symposium on Applied Computing},
  pages={243--247},
  year={2014},
  organization={ACM}
}

%% ref

@article{baker2011mineraccao,
  title={Minera{\c{c}}ao de dados educacionais: Oportunidades para o brasil},
  author={Baker, Ryan and Isotani, Seiji and Carvalho, Adriana},
  journal={Brazilian Journal of Computers in Education},
  volume={19},
  number={02},
  pages={03},
  year={2011}
}

@article{costa2013mineraccao,
  title={Minera{\c{c}}{\~a}o de dados educacionais: conceitos, t{\'e}cnicas, ferramentas e aplica{\c{c}}{\~o}es},
  author={Costa, Evandro and Baker, Ryan SJd and Amorim, Lucas and Magalh{\~a}es, Jonathas and Marinho, Tarsis},
  journal={Jornada de Atualiza{\c{c}}{\~a}o em Inform{\'a}tica na Educa{\c{c}}{\~a}o},
  volume={1},
  number={1},
  pages={1--29},
  year={2013}
}

@article{wi2011practical,
  title={Practical machine learning tools and techniques},
  author={WI, H and Eibe, F and MINING, DATA},
  journal={United State: Morgan Kauffman},
  year={2011}
}

@article{fayyad1996kdd,
  title={The KDD process for extracting useful knowledge from volumes of data},
  author={Fayyad, Usama and Piatetsky-Shapiro, Gregory and Smyth, Padhraic},
  journal={Communications of the ACM},
  volume={39},
  number={11},
  pages={27--34},
  year={1996},
  publisher={ACM}
}

@inproceedings{santos2016analise,
  title={An{\'a}lise de trabalhos sobre a aplica{\c{c}}ao de t{\'e}cnicas de minera{\c{c}}ao de dados educacionais na previsao de desempenho acad{\^e}mico},
  author={Santos, Rodrigo and Pitangui, Cristiano and Vivas, Alessandro and Assis, Luciana},
  booktitle={Anais dos Workshops do Congresso Brasileiro de Inform{\'a}tica na Educa{\c{c}}{\~a}o},
  volume={5},
  number={1},
  pages={960},
  year={2016}
}

@article{hall2009weka,
  title={The WEKA data mining software: an update},
  author={Hall, Mark and Frank, Eibe and Holmes, Geoffrey and Pfahringer, Bernhard and Reutemann, Peter and Witten, Ian H},
  journal={ACM SIGKDD explorations newsletter},
  volume={11},
  number={1},
  pages={10--18},
  year={2009},
  publisher={ACM}
}

@article{goldschmidt2015data,
  title={Data mining: conceitos, t{\'e}cnicas, algoritmos, orienta{\c{c}}{\~o}es e aplica{\c{c}}{\~o}es},
  author={Goldschmidt, Ronaldo and Bezerra, Eduardo and Passos, E},
  journal={Rio de Janeiro-RJ: Elsevier},
  pages={56--60},
  year={2015}
}

@article{baker2010data,
  title={Data mining for education},
  author={Baker, RSJD and others},
  journal={International encyclopedia of education},
  volume={7},
  number={3},
  pages={112--118},
  year={2010},
  publisher={Oxford, UK: Elsevier}
}

@article{Koedinger2008,
abstract = {We introduce an open data repository and set of associated visualization and analysis tools. The Pittsburgh Science of Learning Center's “DataShop” has data from thousands of students deriving from interactions with on-line course materials and intelligent tutoring systems. The data is fine- grained, with student actions recorded roughly every 20 seconds, and it is longitudinal, spanning semester or yearlong courses. Currently over 110 datasets are stored including nearly 18 million student actions. Most student actions are “coded” meaning they are not only graded as correct or incorrect, but are categorized in terms of the hypothesized competencies or knowledge components neede to perform that action. Researchers have analyzed these data to better understand student cognitive and affective states and the results have been used to redesign instruction and demonstrably improve student learning.},
author = {Koedinger, Kenneth R and Cunningham, Kyle and Skogsholm, Alida and Leber, Brett},
doi = {Research supported by the National Science Foundation award number SBE-0354420.},
file = {:home/alexandre/Downloads/16{\_}Koedinger{\_}45.pdf:pdf},
isbn = {9780615306292},
journal = {Proceedings of International Conference on Educational Data Mining},
mendeley-groups = {Mestrado/N{\~{a}}o classificados/Data Mining in Education/Referencias},
pages = {157--166},
title = {{An open repository and analysis tools for fine-grained , longitudinal learner data}},
year = {2008}
}
