@misc{ wiki:ieee754en,
	author = {Wikipedia},
	title = {IEEE 754-1985 --- Wikipedia{,} The Free Encyclopedia},
	year = {2015},
	url = {https://en.wikipedia.org/w/index.php?
	title=IEEE_754-1985&oldid=668635251},
	note = {[Online; accessed 30-June-2015]}
}

@inproceedings{ren2011robust,
	title={Robust hand gesture recognition with kinect sensor},
	author={Ren, Zhou and Meng, Jingjing and Yuan, Junsong and Zhang, Zhengyou},
	booktitle={Proceedings of the 19th ACM international conference on
	Multimedia},
	pages={759--760},
	year={2011},
	organization={ACM}
}

@article{najjar2003high,
	title={High-level language abstraction for reconfigurable computing},
	author={Najjar, Walid and B{\"o}hm, Wim and Draper, Bruce and Hammes, Jeff
	and Rinker, Robert and Beveridge, J Ross and Chawathe, Monica and Ross,
	Charles and others},
	journal={Computer},
	volume={36},
	number={8},
	pages={63--69},
	year={2003},
	publisher={IEEE}
}

@inproceedings{choi2014design,
	title={Design of body gesture recognition system for regularity and
	repeatability gestures},
	author={Choi, Jae-Hwan and Ko, Deok-Hyun and Kim, Hyung and Lee, Soon-Geul},
	booktitle={Control, Automation and Systems (ICCAS), 2014 14th International
	Conference on},
	pages={449--453},
	year={2014},
	organization={IEEE}
}

@inproceedings{zhang2014novel,
	title={A novel method for user-defined human posture recognition using
	Kinect},
	author={Zhang, Zequn and Liu, Yuanning and Li, Ao and Wang, Minghui},
	booktitle={Image and Signal Processing (CISP), 2014 7th International
	Congress on},
	pages={736--740},
	year={2014},
	organization={IEEE}
}

@inproceedings{saha2014study,
	title={A study on emotion recognition from body gestures using Kinect
	sensor},
	author={Saha, Simanto and Datta, Soupayan and Konar, Amit and Janarthanan,
	Ramadoss},
	booktitle={Communications and Signal Processing (ICCSP), 2014 International
	Conference on},
	pages={056--060},
	year={2014},
	organization={IEEE}
}

@Disertacao{Andersson:2014,
	author	= {Andersson, V. O.},
	title	= {{Identifica\c{c}\~ao Biom\'etrica com Antropometria e Caminhar
	Humano Utilizando o kinect}},
	school	= {Universidade Federal de Pelotas},
	address	= {Pelotas},
	year	= {2014},
}
