% Artigos sobre mineração de dados aplicado a educação

@inproceedings{detoni2014prediccao,
  title={Predi{\c{c}}{\~a}o de reprova{\c{c}}{\~a}o de alunos de educa{\c{c}}{\~a}o a dist{\^a}ncia utilizando contagem de intera{\c{c}}{\~o}es},
  author={Detoni, Douglas and Araujo, Ricardo and Cechinel, Cristian},
  booktitle={Brazilian Symposium on Computers in Education (Simp{\'o}sio Brasileiro de Inform{\'a}tica na Educa{\c{c}}{\~a}o-SBIE)},
  volume={25},
  number={1},
  pages={896},
  year={2014}
}

@inproceedings{queiroga2015estudo,
  title={Um Estudo do Uso de Contagem de Intera{\c{c}}{\~o}es Semanais para Predi{\c{c}}{\~a}o Precoce de Evas{\~a}o em Educa{\c{c}}{\~a}o a Dist{\^a}ncia},
  author={Queiroga, Emanuel and Cechinel, Cristian and Ara{\'u}jo, Ricardo},
  booktitle={Anais dos Workshops do Congresso Brasileiro de Inform{\'a}tica na Educa{\c{c}}{\~a}o},
  volume={4},
  number={1},
  pages={1074},
  year={2015}
}

@inproceedings{santos2015clustering,
  title={Clustering learning objects for improving their recommendation via collaborative filtering algorithms},
  author={dos Santos, Henrique Lemos and Cechinel, Cristian and Araujo, Ricardo Matsumura and Sicilia, Miguel-{\'A}ngel},
  booktitle={Research Conference on Metadata and Semantics Research},
  pages={183--194},
  year={2015},
  organization={Springer}
}

@inproceedings{kantorski2016prediccao,
  title={Predi{\c{c}}{\~a}o da Evas{\~a}o em Cursos de Gradua{\c{c}}{\~a}o em Institui{\c{c}}{\~o}es P{\'u}blicas},
  author={Kantorski, Gustavo and Flores, Evandro G and Schmitt, J{\'a}der and Hoffmann, Ivan and Barbosa, Fernando},
  booktitle={Brazilian Symposium on Computers in Education (Simp{\'o}sio Brasileiro de Inform{\'a}tica na Educa{\c{c}}{\~a}o-SBIE)},
  volume={27},
  number={1},
  pages={906},
  year={2016}
}

@article{Pimentel2006,
author = {Pimentel, Edson P and Omar, Nizam},
file = {:home/alexandre/.var/app/com.elsevier.MendeleyDesktop/data/data/Mendeley Ltd./Mendeley Desktop/Downloaded/Pimentel, Omar - 2006 - Descobrindo Conhecimentos em Dados de Avalia{\c{c}}{\~{a}}o da Aprendizagem com T{\'{e}}cnicas de Minera{\c{c}}{\~{a}}o de Dados.pdf:pdf},
issn = {2316-6541},
journal = {Workshop de Inform{\'{a}}tica na Escola},
keywords = {data mining,o processo cont,ongoing assessment,resumo},
mendeley-groups = {Mestrado/Destaques},
pages = {147--155},
title = {{Descobrindo Conhecimentos em Dados de Avalia{\c{c}}{\~{a}}o da Aprendizagem com T{\'{e}}cnicas de Minera{\c{c}}{\~{a}}o de Dados.}},
url = {http://www.br-ie.org/pub/index.php/wie/article/view/885},
year = {2006}
}

@article{Rezende2002,
author = {Rezende, Solange Oliveira and Rezende, Solange Oliveira},
file = {:home/alexandre/Downloads/mineracaodedados.pdf:pdf},
journal = {Dados},
mendeley-groups = {Mestrado/Destaques/Ref{\^{e}}ncias},
pages = {397--433},
title = {{Minera{\c{c}}{\~{a}}o de Dados}},
year = {2002}
}


%% CBIE's papers

@inproceedings{de2016mineraccao,
  title={Minera{\c{c}}{\~a}o de Dados Educacionais Aplicada {\`a} An{\'a}lise Preditiva em F{\'o}runs no Moodle},
  author={de Avila Mendes, Ren{\^e} and Silva, Leandro Augusto},
  booktitle={Anais dos Workshops do Congresso Brasileiro de Inform{\'a}tica na Educa{\c{c}}{\~a}o},
  volume={5},
  number={1},
  pages={940},
  year={2016}
}

@inproceedings{simon2017mineraccao,
  title={Minera{\c{c}}{\~a}o de Dados Educacionais nos Resultados do ENEM de 2015},
  author={Simon, Augusto and Cazella, S{\'\i}lvio},
  booktitle={Anais dos Workshops do Congresso Brasileiro de Inform{\'a}tica na Educa{\c{c}}{\~a}o},
  volume={6},
  number={1},
  pages={754},
  year={2017}
}

@inproceedings{alves2018prediccao,
  title={Predi{\c{c}}{\~a}o do desempenho de Matem{\'a}tica e Suas Tecnologias do ENEM utilizando t{\'e}cnicas de Minera{\c{c}}{\~a}o De Dados},
  author={Alves, Rafael Damiani and Cechinel, Cristian and Queiroga, Emanuel},
  booktitle={Anais dos Workshops do Congresso Brasileiro de Inform{\'a}tica na Educa{\c{c}}{\~a}o},
  volume={7},
  number={1},
  pages={469},
  year={2018}
}

%% RBIE's papers

@article{rigo2014aplicaccoes,
  title={Aplica{\c{c}}{\~o}es de Minera{\c{c}}{\~a}o de Dados Educacionais e Learning Analytics com foco na evas{\~a}o escolar: oportunidades e desafios},
  author={Rigo, Sandro J and Cambruzzi, Wagner and Barbosa, Jorge LV and Cazella, S{\'\i}lvio C},
  journal={Revista Brasileira de Inform{\'a}tica na Educa{\c{c}}{\~a}o},
  volume={22},
  number={1},
  pages={132--146},
  year={2014}
}

@article{gottardo2014estimativa,
  title={Estimativa de desempenho acad{\^e}mico de estudantes: An{\'a}lise da aplica{\c{c}}ao de t{\'e}cnicas de minera{\c{c}}ao de dados em cursos a dist{\^a}ncia},
  author={Gottardo, Ernani and Kaestner, Celso Ant{\^o}nio Alves and Noronha, Robinson Vida},
  journal={Revista Brasileira de Inform{\'a}tica na Educa{\c{c}}{\~a}o},
  volume={22},
  number={1},
  year={2014}
}

@article{detoni2015modelagem,
  title={Modelagem e Predi{\c{c}}{\~a}o de Reprova{\c{c}}{\~a}o de Acad{\^e}micos de Cursos de Educa{\c{c}}{\~a}o a Dist{\^a}ncia a partir da Contagem de Intera{\c{c}}{\~o}es.},
  author={Detoni, Douglas and Cechinel, Cristian and Ara{\'u}jo, Ricardo},
  journal={Revista Brasileira de Inform{\'a}tica na Educa{\c{c}}{\~a}o},
  volume={23},
  number={3},
  year={2015}
}

%% RENOTE's papers

@article{santos13evidencia,
  title={Evid{\^e}ncia do des{\^a}nimo de alunos em um ambiente virtual de ensino e aprendizagem: uma proposta a partir da minera{\c{c}}{\~a}o de dados educacionais},
  author={Santos, Fabr{\'\i}cia Damando and Bercht, Magda and Wives, Leandro Krug},
  journal={RENOTE},
  volume={13},
  number={2},
  year={2015}
}

@article{silva2016mineraccao,
  title={Minera{\c{c}}{\~a}o de Dados Educacionais Orientada por Atividades de Aprendizagem},
  author={Silva, Jo{\~a}o Carlos Sedraz and Rodrigues, Rodrigo Lins and Ramos, Jorge Luis Cavalcanti and de Souza, Fernando da Fonseca and Gomes, Alex Sandro},
  journal={RENOTE},
  volume={14},
  number={1},
  year={2016}
}

@article{da2014minerando,
  title={Minerando dados sobre o desempenho de alunos de cursos de educa{\c{c}}{\~a}o permanente em modalidade EAD: Um estudo de caso sobre evas{\~a}o escolar na UNA-SUS},
  author={da Costa, Susane Santos and Cazella, Silvio and Rigo, Sandro Jos{\'e}},
  journal={RENOTE},
  volume={12},
  number={2},
  year={2014}
}

%% SBIE's papers

@inproceedings{lanes2018prediccao,
  title={Predi{\c{c}}{\~a}o de Alunos com Risco de Evas{\~a}o: estudo de caso usando minera{\c{c}}{\~a}o de dados},
  author={Lanes, Mariele and Alc{\^a}ntara, Cleber},
  booktitle={Brazilian Symposium on Computers in Education (Simp{\'o}sio Brasileiro de Inform{\'a}tica na Educa{\c{c}}{\~a}o-SBIE)},
  volume={29},
  number={1},
  pages={1921},
  year={2018}
}

@inproceedings{dwan2017prediccao,
  title={Predi{\c{c}}{\~a}o de Zona de Aprendizagem de Alunos de Introdu{\c{c}}{\~a}o {\`a} Programa{\c{c}}{\~a}o em Ambientes de Corre{\c{c}}{\~a}o Autom{\'a}tica de C{\'o}digo},
  author={Dwan, Filipe and Oliveira, Elaine and Fernandes, David},
  booktitle={Brazilian Symposium on Computers in Education (Simp{\'o}sio Brasileiro de Inform{\'a}tica na Educa{\c{c}}{\~a}o-SBIE)},
  volume={28},
  number={1},
  pages={1507},
  year={2017}
}

@inproceedings{ramos2017modelo,
  title={Um modelo para Trilhas de Aprendizagem em um Ambiente Virtual de Aprendizagem},
  author={Ramos, David and Monteverde, Ilmara and do Nascimento, Priscilla and Amaral, Geovana and Oliveira, Elaine},
  booktitle={Brazilian Symposium on Computers in Education (Simp{\'o}sio Brasileiro de Inform{\'a}tica na Educa{\c{c}}{\~a}o-SBIE)},
  volume={28},
  number={1},
  pages={1407},
  year={2017}
}

@inproceedings{santos2016uso,
  title={Uso de S{\'e}ries Temporais e Sele{\c{c}}{\~a}o de Atributos em Minera{\c{c}}{\~a}o de Dados Educacionais para Previs{\~a}o de Desempenho Acad{\^e}mico},
  author={Santos, Rodrigo and Pitangui, Cristiano and Assis, Luciana and Vivas, Alessandro},
  booktitle={Brazilian Symposium on Computers in Education (Simp{\'o}sio Brasileiro de Inform{\'a}tica na Educa{\c{c}}{\~a}o-SBIE)},
  volume={27},
  number={1},
  pages={1146},
  year={2016}
}

@inproceedings{rabelo2017utilizaccao,
  title={Utiliza{\c{c}}{\~a}o de t{\'e}cnicas de minera{\c{c}}{\~a}o de dados educacionais para predi{\c{c}}{\~a}o de desempenho de alunos de EaD em ambientes virtuais de aprendizagem},
  author={Rabelo, Humberto and Burlamaqui, Aquiles and Valentim, Ricardo and de Souza Rabelo, Danieli Silva and Medeiros, Soraya},
  booktitle={Brazilian Symposium on Computers in Education (Simp{\'o}sio Brasileiro de Inform{\'a}tica na Educa{\c{c}}{\~a}o-SBIE)},
  volume={28},
  number={1},
  pages={1527},
  year={2017}
}

%% IEEEXPLORE

@inproceedings{devasia2016prediction,
  title={Prediction of students performance using Educational Data Mining},
  author={Devasia, Tismy and Vinushree, TP and Hegde, Vinayak},
  booktitle={Data Mining and Advanced Computing (SAPIENCE), International Conference on},
  pages={91--95},
  year={2016},
  organization={IEEE}
}

@inproceedings{zaffar2017performance,
  title={Performance analysis of feature selection algorithm for educational data mining},
  author={Zaffar, Maryam and Hashmani, Manzoor Ahmed and Savita, KS},
  booktitle={Big Data and Analytics (ICBDA), 2017 IEEE Conference on},
  pages={7--12},
  year={2017},
  organization={IEEE}
}

@inproceedings{amra2017students,
  title={Students performance prediction using KNN and Na{\"\i}ve Bayesian},
  author={Amra, Ihsan A Abu and Maghari, Ashraf YA},
  booktitle={Information Technology (ICIT), 2017 8th International Conference on},
  pages={909--913},
  year={2017},
  organization={IEEE}
}

@inproceedings{pradeep2015students,
  title={Students dropout factor prediction using EDM techniques},
  author={Pradeep, Anjana and Das, Smija and Kizhekkethottam, Jubilant J},
  booktitle={Soft-Computing and Networks Security (ICSNS), 2015 International Conference on},
  pages={1--7},
  year={2015},
  organization={IEEE}
}

@article{guarin2015model,
  title={A model to predict low academic performance at a specific enrollment using data mining},
  author={Guar{\'\i}n, Camilo Ernesto L{\'o}pez and Guzm{\'a}n, Elizabeth Le{\'o}n and Gonz{\'a}lez, Fabio A},
  journal={IEEE Revista Iberoamericana de tecnologias del Aprendizaje},
  volume={10},
  number={3},
  pages={119--125},
  year={2015},
  publisher={IEEE}
}

@inproceedings{de2014monitoring,
  title={Monitoring student performance using data clustering and predictive modelling},
  author={De Morais, Alana M and Araujo, Joseana MFR and Costa, Evandro B},
  booktitle={Frontiers in Education Conference (FIE), 2014 IEEE},
  pages={1--8},
  year={2014},
  organization={IEEE}
}

@inproceedings{hasbun2016extracurricular,
  title={Extracurricular activities as dropout prediction factors in higher education using decision trees},
  author={Hasbun, Tomas and Araya, Alexandra and Villalon, Jorge},
  booktitle={Advanced Learning Technologies (ICALT), 2016 IEEE 16th International Conference on},
  pages={242--244},
  year={2016},
  organization={IEEE}
}

@inproceedings{grivokostopoulou2014utilizing,
  title={Utilizing semantic web technologies and data mining techniques to analyze students learning and predict final performance},
  author={Grivokostopoulou, Foteini and Perikos, Isidoros and Hatzilygeroudis, Ioannis},
  booktitle={Teaching, Assessment and Learning (TALE), 2014 International Conference on},
  pages={488--494},
  year={2014},
  organization={IEEE}
}

%% ACM

@inproceedings{carter2015normalized,
  title={The normalized programming state model: Predicting student performance in computing courses based on programming behavior},
  author={Carter, Adam S and Hundhausen, Christopher D and Adesope, Olusola},
  booktitle={Proceedings of the eleventh annual International Conference on International Computing Education Research},
  pages={141--150},
  year={2015},
  organization={ACM}
}

@inproceedings{crossley2016combining,
  title={Combining click-stream data with NLP tools to better understand MOOC completion},
  author={Crossley, Scott and Paquette, Luc and Dascalu, Mihai and McNamara, Danielle S and Baker, Ryan S},
  booktitle={Proceedings of the sixth international conference on learning analytics \& knowledge},
  pages={6--14},
  year={2016},
  organization={ACM}
}

@inproceedings{ahadi2015exploring,
  title={Exploring machine learning methods to automatically identify students in need of assistance},
  author={Ahadi, Alireza and Lister, Raymond and Haapala, Heikki and Vihavainen, Arto},
  booktitle={Proceedings of the eleventh annual International Conference on International Computing Education Research},
  pages={121--130},
  year={2015},
  organization={ACM}
}

@inproceedings{pardo2016exploring,
  title={Exploring the relation between self-regulation, online activities, and academic performance: A case study},
  author={Pardo, Abelardo and Han, Feifei and Ellis, Robert A},
  booktitle={Proceedings of the Sixth International Conference on Learning Analytics \& Knowledge},
  pages={422--429},
  year={2016},
  organization={ACM}
}

@inproceedings{tamhane2014predicting,
  title={Predicting student risks through longitudinal analysis},
  author={Tamhane, Ashay and Ikbal, Shajith and Sengupta, Bikram and Duggirala, Mayuri and Appleton, James},
  booktitle={Proceedings of the 20th ACM SIGKDD international conference on Knowledge discovery and data mining},
  pages={1544--1552},
  year={2014},
  organization={ACM}
}

@inproceedings{manhaes2014wave,
  title={WAVE: an architecture for predicting dropout in undergraduate courses using EDM},
  author={Manh{\~a}es, Laci Mary Barbosa and da Cruz, S{\'e}rgio Manuel Serra and Zimbr{\~a}o, Geraldo},
  booktitle={Proceedings of the 29th Annual ACM Symposium on Applied Computing},
  pages={243--247},
  year={2014},
  organization={ACM}
}

%% ref

@article{baker2011mineraccao,
  title={Minera{\c{c}}ao de dados educacionais: Oportunidades para o brasil},
  author={Baker, Ryan and Isotani, Seiji and Carvalho, Adriana},
  journal={Brazilian Journal of Computers in Education},
  volume={19},
  number={02},
  pages={03},
  year={2011}
}

@article{costa2013mineraccao,
  title={Minera{\c{c}}{\~a}o de dados educacionais: conceitos, t{\'e}cnicas, ferramentas e aplica{\c{c}}{\~o}es},
  author={Costa, Evandro and Baker, Ryan SJd and Amorim, Lucas and Magalh{\~a}es, Jonathas and Marinho, Tarsis},
  journal={Jornada de Atualiza{\c{c}}{\~a}o em Inform{\'a}tica na Educa{\c{c}}{\~a}o},
  volume={1},
  number={1},
  pages={1--29},
  year={2013}
}

@article{wi2011practical,
  title={Practical machine learning tools and techniques},
  author={WI, H and Eibe, F and MINING, DATA},
  journal={United State: Morgan Kauffman},
  year={2011}
}

@article{fayyad1996kdd,
  title={The KDD process for extracting useful knowledge from volumes of data},
  author={Fayyad, Usama and Piatetsky-Shapiro, Gregory and Smyth, Padhraic},
  journal={Communications of the ACM},
  volume={39},
  number={11},
  pages={27--34},
  year={1996},
  publisher={ACM}
}

@inproceedings{santos2016analise,
  title={An{\'a}lise de trabalhos sobre a aplica{\c{c}}ao de t{\'e}cnicas de minera{\c{c}}ao de dados educacionais na previsao de desempenho acad{\^e}mico},
  author={Santos, Rodrigo and Pitangui, Cristiano and Vivas, Alessandro and Assis, Luciana},
  booktitle={Anais dos Workshops do Congresso Brasileiro de Inform{\'a}tica na Educa{\c{c}}{\~a}o},
  volume={5},
  number={1},
  pages={960},
  year={2016}
}

@article{hall2009weka,
  title={The WEKA data mining software: an update},
  author={Hall, Mark and Frank, Eibe and Holmes, Geoffrey and Pfahringer, Bernhard and Reutemann, Peter and Witten, Ian H},
  journal={ACM SIGKDD explorations newsletter},
  volume={11},
  number={1},
  pages={10--18},
  year={2009},
  publisher={ACM}
}

@article{goldschmidt2015data,
  title={Data mining: conceitos, t{\'e}cnicas, algoritmos, orienta{\c{c}}{\~o}es e aplica{\c{c}}{\~o}es},
  author={Goldschmidt, Ronaldo and Bezerra, Eduardo and Passos, E},
  journal={Rio de Janeiro-RJ: Elsevier},
  pages={56--60},
  year={2015}
}

@article{baker2010data,
  title={Data mining for education},
  author={Baker, RSJD and others},
  journal={International encyclopedia of education},
  volume={7},
  number={3},
  pages={112--118},
  year={2010},
  publisher={Oxford, UK: Elsevier}
}

@article{Koedinger2008,
abstract = {We introduce an open data repository and set of associated visualization and analysis tools. The Pittsburgh Science of Learning Center's “DataShop” has data from thousands of students deriving from interactions with on-line course materials and intelligent tutoring systems. The data is fine- grained, with student actions recorded roughly every 20 seconds, and it is longitudinal, spanning semester or yearlong courses. Currently over 110 datasets are stored including nearly 18 million student actions. Most student actions are “coded” meaning they are not only graded as correct or incorrect, but are categorized in terms of the hypothesized competencies or knowledge components neede to perform that action. Researchers have analyzed these data to better understand student cognitive and affective states and the results have been used to redesign instruction and demonstrably improve student learning.},
author = {Koedinger, Kenneth R and Cunningham, Kyle and Skogsholm, Alida and Leber, Brett},
doi = {Research supported by the National Science Foundation award number SBE-0354420.},
file = {:home/alexandre/Downloads/16{\_}Koedinger{\_}45.pdf:pdf},
isbn = {9780615306292},
journal = {Proceedings of International Conference on Educational Data Mining},
mendeley-groups = {Mestrado/N{\~{a}}o classificados/Data Mining in Education/Referencias},
pages = {157--166},
title = {{An open repository and analysis tools for fine-grained , longitudinal learner data}},
year = {2008}
}

@misc{inep:2018,
    title = {INSTITUTO NACIONAL DE ESTUDOS E PESQUISAS EDUCACIONAIS AN{\'I}SIO TEIXEIRA. Sinopses Estatísticas da Educa{\c{c}}{\~a}o Superior - Gradua{\c{c}}{\~a}o},
    url = {http://portal.inep.gov.br/web/guest/sinopses-estatisticas-da-educacao-superior},
    urldate = {16 08. 2019},
    author = {Inep},
    month = aug,
    year = {2018}
}

@online{inep:2017,
    title = {INSTITUTO NACIONAL DE ESTUDOS E PESQUISAS EDUCACIONAIS AN{\'I}SIO TEIXEIRA. Sinopses Estatísticas da Educa{\c{c}}{\~a}o Superior - Gradua{\c{c}}{\~a}o},
    url = {http://portal.inep.gov.br/web/guest/sinopses-estatisticas-da-educacao-superior},
    urldate = {16 08. 2019},
    author = {Inep},
    month = aug,
    year = {2017}
}

@online{inep:2016,
    title = {INSTITUTO NACIONAL DE ESTUDOS E PESQUISAS EDUCACIONAIS AN{\'I}SIO TEIXEIRA. Sinopses Estatísticas da Educa{\c{c}}{\~a}o Superior - Gradua{\c{c}}{\~a}o},
    url = {http://portal.inep.gov.br/web/guest/sinopses-estatisticas-da-educacao-superior},
    urldate = {16 08. 2019},
    author = {Inep},
    month = aug,
    year = {2016}
}

@article{wagner1982simpson,
  title={Simpson's paradox in real life},
  author={Wagner, Clifford H},
  journal={The American Statistician},
  volume={36},
  number={1},
  pages={46--48},
  year={1982},
  publisher={Taylor \& Francis}
}

@article{Dekker2009,
abstract = {The monitoring and support of university freshmen is considered very important at many educational institutions. In this paper we describe the results of the educational data mining case study aimed at predicting the Electrical Engineering (EE) students drop out after the first semester of their studies or even before they enter the study program as well as identifying success-factors specific to the EE program. Our experimental results show that rather simple and intuitive classifiers (decision trees) give a useful result with accuracies between 75 and 80{\%}. Besides, we demonstrate the usefulness of cost-sensitive learning and thorough analysis of misclassifications, and show a few ways of further prediction improvement without having to collect additional data about the students.},
annote = {Este artigo tem um explica{\c{c}}{\~{a}}o bem avan{\c{c}}ada sobre a execu{\c{c}}{\~{a}}o, configura{\c{c}}{\~{a}}o dos algoritmos e sele{\c{c}}{\~{a}}o de atributos. Um dos melhores artigos.},
author = {Dekker, Gerben W and Pechenizkiy, Mykola and Vleeshouwers, Jan M},
file = {:home/alexandre/.local/share/data/Mendeley Ltd./Mendeley Desktop/Downloaded/Dekker, Pechenizkiy, Vleeshouwers - 2009 - Predicting Students Drop Out A Case Study.pdf:pdf},
journal = {the 2nd International Conference on Educational Data Mining},
mendeley-groups = {Minera{\c{c}}{\~{a}}o de Dados Educacionais/N{\~{a}}o classificados,Mestrado/Artigos Relacionados},
pages = {41--50},
title = {{Predicting Students Drop Out: A Case Study}},
url = {http://www.win.tue.nl/{~}mpechen/research/edu.html.},
year = {2009}
}

@article{Manhaes2011,
abstract = {As universidades enfrentam o desafio de reduzir os {\'{i}}ndices de evas{\~{a}}o dos alunos nos cursos de gradua{\c{c}}{\~{a}}o. O problema ocorre em diversas universidades brasileiras gerando preju{\'{i}}zos para o pa{\'{i}}s, alunos e universidades. Neste sentido, nosso objetivo {\'{e}} identificar precocemente alunos em risco de evas{\~{a}}o nos cursos de gradua{\c{c}}{\~{a}}o. A t{\'{e}}cnica de minera{\c{c}}{\~{a}}o de dados oferece diversos algoritmos que podem ser empregados para identificar alunos em risco de abandono. Este trabalho apresenta um estudo utilizando dados acad{\^{e}}micos de alunos de gradua{\c{c}}{\~{a}}o de uma universidade brasileira- UFRJ. Os resultados mostraram que utilizando as primeiras notas semestrais dos calouros {\'{e}} poss{\'{i}}vel identificar com precis{\~{a}}o de 80{\%} a situa{\c{c}}{\~{a}}o final do aluno no curso.},
author = {Manh{\~{a}}es, Laci Mary Barbosa and da Cruz, S{\'{e}}rgio Manuel Serra and Costa, Raimundo J. Macario and Zavaleta, Jorge and Zimbr{\~{a}}o, Geraldo and da Cruz, S{\'{e}}rgio Manuel Serra and Costa, Raimundo J. Macario and Zavaleta, Jorge and Zimbr{\~{a}}o, Geraldo},
doi = {10.5753/CBIE.SBIE.2011.%P},
file = {:home/alexandre/.local/share/data/Mendeley Ltd./Mendeley Desktop/Downloaded/Manh{\~{a}}es et al. - 2011 - Previs{\~{a}}o de Estudantes com Risco de Evas{\~{a}}o Utilizando T{\'{e}}cnicas de Minera{\c{c}}{\~{a}}o de Dados.pdf:pdf},
issn = {2316-6533},
journal = {Anais do XXII SBIE - XVII WIE},
mendeley-groups = {Minera{\c{c}}{\~{a}}o de Dados Educacionais/SBIE,Minera{\c{c}}{\~{a}}o de Dados Educacionais/Evas{\~{a}}o/Incluidos,Mestrado/Inclu{\'{i}}dos,Mestrado/Artigos Relacionados},
pages = {150--159},
title = {{Previs{\~{a}}o de Estudantes com Risco de Evas{\~{a}}o Utilizando T{\'{e}}cnicas de Minera{\c{c}}{\~{a}}o de Dados}},
url = {http://www.br-ie.org/pub/index.php/sbie/article/view/1585/1350},
year = {2011}
}

@article{Santos2014,
abstract = {Este trabalho descreve uma abordagem que objetiva a identifica{\c{c}}{\~{a}}o precoce de estudantes de gradua{\c{c}}{\~{a}}o a dist{\^{a}}ncia com risco de evas{\~{a}}o utilizando t{\'{e}}cnicas de minera{\c{c}}{\~{a}}o de dados conhecidas como {\'{A}}rvores de Decis{\~{a}}o. Essas t{\'{e}}cnicas permitem o entendimento do funcionamento interno do modelo, possibilitando a descoberta das disciplinas que mais influenciam na evas{\~{a}}o do curso de gradua{\c{c}}{\~{a}}o. Este conhecimento pode ser usado para prever o desempenho acad{\^{e}}mico nestas disciplinas no AVA. Foram utilizados algoritmos de {\'{A}}rvores de Decis{\~{a}}o nos experimentos no SCA e o AVA, os quais forneceram acur{\'{a}}cias m{\'{e}}dias de 80{\%} na predi{\c{c}}{\~{a}}o da evas{\~{a}}o ou gradua{\c{c}}{\~{a}}o do curso, utilizando apenas as primeiras notas semestrais. No AVA, como melhor resultado, foi obtida uma acur{\'{a}}cia de 89,47{\%} na predi{\c{c}}{\~{a}}o do desempenho de uma disciplina.},
author = {dos Santos, Ramon N{\'{o}}brega and Siebra, Clauirton de Alburqueque and Oliveira, Est{\^{e}}v{\~{a}}oDomingos Soares},
doi = {10.5753/cbie.wcbie.2014.262},
file = {:home/alexandre/Google Drive/mestrado/Artigos/evas{\~{a}}o/inclu{\'{i}}dos/Dos Santos et al, 2014.pdf:pdf},
journal = {Anais dos Workshops do III Congresso Brasileiro de Inform{\'{a}}tica na Educa{\c{c}}{\~{a}}o (CBIE 2014)},
mendeley-groups = {Mestrado/Inclu{\'{i}}dos},
number = {Cbie},
pages = {262},
title = {{Uma Abordagem Temporal para Identifica{\c{c}}{\~{a}}o Precoce de Estudantes de Gradua{\c{c}}{\~{a}}o a Dist{\^{a}}ncia com Risco de Evas{\~{a}}o em um AVA utilizando {\'{A}}rvores de Decis{\~{a}}o}},
volume = {1},
year = {2014}
}

@article{Melo2007,
author = {Melo, Giovanni and Viglioni, Carvalho},
file = {:home/alexandre/.local/share/data/Mendeley Ltd./Mendeley Desktop/Downloaded/Melo, Viglioni - 2007 - Metodologia Para Previs{\~{a}}o De Demanda Ferrovi{\'{a}}ria.pdf:pdf},
mendeley-groups = {Minera{\c{c}}{\~{a}}o de Dados Educacionais/N{\~{a}}o classificados},
title = {{Metodologia Para Previs{\~{a}}o De Demanda Ferrovi{\'{a}}ria}},
year = {2007}
}

@article{Pascoal2016,
abstract = {Educadores e gestores das institui{\c{c}}{\~{o}}es de ensino superior t{\^{e}}m se preocupado com os altos {\'{i}}ndices de evas{\~{a}}o de seus estudantes. Dessa forma, meios para o diagn{\'{o}}stico precoce de estudantes propensos {\`{a}} evas{\~{a}}o s{\~{a}}o desejados, de forma a evit{\'{a}}-la. Neste trabalho, prop{\~{o}}e-se uma abordagem para auxiliar as institui{\c{c}}{\~{o}}es nas tomadas de decis{\~{a}}o para combate desse fen{\^{o}}meno, a partir do uso de dados acad{\^{e}}micos e socioecon{\^{o}}micos dos estudantes. A viabilidade do modelo foi estudada com base em registros de alunos do curso de Ci{\^{e}}ncia da Computa{\c{c}}{\~{a}}o, da UFPB. Os resultados obtidos foram relevantes, com taxas de acerto de mais de 85{\%} na classifica{\c{c}}{\~{a}}o dos estudantes},
author = {Pascoal, Tulio and de Brito, Daniel Miranda and Andrade, Leandro and do R{\^{e}}go, Tha{\'{i}}s Gaud{\^{e}}ncio},
doi = {10.5753/cbie.sbie.2016.926},
file = {:home/alexandre/.local/share/data/Mendeley Ltd./Mendeley Desktop/Downloaded/Pascoal et al. - 2016 - Evas{\~{a}}o de estudantes universit{\'{a}}rios diagn{\'{o}}stico a partir de dados acad{\^{e}}micos e sociecon{\^{o}}micos.pdf:pdf},
journal = {Anais do XXVII Simp{\'{o}}sio Brasileiro de Inform{\'{a}}tica na Educa{\c{c}}{\~{a}}o (SBIE 2016)},
mendeley-groups = {Mestrado/Inclu{\'{i}}dos},
number = {Cbie},
pages = {926},
title = {{Evas{\~{a}}o de estudantes universit{\'{a}}rios: diagn{\'{o}}stico a partir de dados acad{\^{e}}micos e sociecon{\^{o}}micos}},
volume = {1},
year = {2016}
}

@misc{ wiki:sckitlearn,
    author = "Wikipédia",
    title = "Scikit-learn --- Wikipédia{,} a enciclopédia livre",
    year = "2020",
    url = "https://pt.wikipedia.org/w/index.php?title=Scikit-learn&oldid=57297478",
    note = "[Online; accessed 28-janeiro-2020]"
}

@misc{ wiki:pandas,
    author = "Wikipédia",
    title = "Pandas (software) --- Wikipédia{,} a enciclopédia livre",
    year = "2020",
    url = "https://pt.wikipedia.org/w/index.php?title=Pandas_(software)&oldid=58405263",
    note = "[Online; accessed 1-junho-2020]"
}

@misc{ wiki:colab,
    author = "{Wikipedia contributors}",
    title = "Project Jupyter --- {Wikipedia}{,} The Free Encyclopedia",
    year = "2020",
    url = "https://en.wikipedia.org/w/index.php?title=Project_Jupyter&oldid=967391957",
    note = "[Online; accessed 13-July-2020]"
}

@article{scikit-learn,
 title={Scikit-learn: Machine Learning in {P}ython},
 author={Pedregosa, F. and Varoquaux, G. and Gramfort, A. and Michel, V.
         and Thirion, B. and Grisel, O. and Blondel, M. and Prettenhofer, P.
         and Weiss, R. and Dubourg, V. and Vanderplas, J. and Passos, A. and
         Cournapeau, D. and Brucher, M. and Perrot, M. and Duchesnay, E.},
 journal={Journal of Machine Learning Research},
 volume={12},
 pages={2825--2830},
 year={2011}
}

@software{jeff_reback_2020_3715232,
  author       = {Jeff Reback and
                  Wes McKinney and
                  jbrockmendel and
                  Joris Van den Bossche and
                  Tom Augspurger and
                  Phillip Cloud and
                  gfyoung and
                  Sinhrks and
                  Adam Klein and
                  Matthew Roeschke and
                  Simon Hawkins and
                  Jeff Tratner and
                  Chang She and
                  William Ayd and
                  Terji Petersen and
                  Marc Garcia and
                  Jeremy Schendel and
                  Andy Hayden and
                  MomIsBestFriend and
                  Vytautas Jancauskas and
                  Pietro Battiston and
                  Skipper Seabold and
                  chris-b1 and
                  h-vetinari and
                  Stephan Hoyer and
                  Wouter Overmeire and
                  alimcmaster1 and
                  Kaiqi Dong and
                  Christopher Whelan and
                  Mortada Mehyar},
  title        = {pandas-dev/pandas: Pandas 1.0.3},
  month        = mar,
  year         = 2020,
  publisher    = {Zenodo},
  version      = {v1.0.3},
  doi          = {10.5281/zenodo.3715232},
  url          = {https://doi.org/10.5281/zenodo.3715232}
}

@article{Costa2012,
abstract = {Com o crescente uso de Ambientes Virtuais de Aprendizagem (AVA) na Web e outras tecnologiaspara apoio ao processo de ensino e aprendizagem, um grande volume de dadostem sido gerado a partir das diferentes modalidades de intera{\c{c}}{\~{a}}o no sistema envolvendoprincipalmente estudantes e professores. Entretanto, boa parte desses dados n{\~{a}}o t{\^{e}}m sido analisados, o que se constitui numa lacuna importante, dada a quantidade de informa{\c{c}}{\~{a}}ovaliosa que se pode potencialmente extrair de tais dados. Por exemplo, em buscade melhor compreender o comportamento dos estudantes e a forma como eles aprendem,o trabalho realizado por pesquisadores em Minera{\c{c}}{\~{a}}o de Dados Educacionais tem investidono uso e na melhoria de conhecidas t{\'{e}}cnicas de minera{\c{c}}{\~{a}}o de dados para obterconhecimentos relevantes a partir desses dados. Tais conhecimentos podem servir de subs{\'{i}}diopara a melhoria das pr{\'{a}}ticas em educa{\c{c}}{\~{a}}o a dist{\^{a}}ncia ou presencial, al{\'{e}}m de seruma importante ferramenta para viabilizar a personaliza{\c{c}}{\~{a}}o do ensino. O objetivo destecap{\'{i}}tulo {\'{e}} introduzir os principais conceitos, t{\'{e}}cnicas e algoritmos de minera{\c{c}}{\~{a}}o de dadoscom aplica{\c{c}}{\~{o}}es a conjuntos de dados educacionais. Neste sentido, ser{\~{a}}o discutidosm{\'{e}}todos sobre as seguintes tarefas: Classifica{\c{c}}{\~{a}}o e regress{\~{a}}o, agrupamento de dados,minera{\c{c}}{\~{a}}o de regras de associa{\c{c}}{\~{a}}o. Particularmente, ser{\~{a}}o discutidos m{\'{e}}todos especialmentedesenvolvidos para predi{\c{c}}{\~{a}}o dos conhecimentos, emo{\c{c}}{\~{o}}es, e aprendizagem futurado estudante.},
author = {Costa, Evandro and Baker, Ryan S J and Amorim, Lucas and Magalh{\~{a}}es, Jonathas},
file = {:home/alexandre/Downloads/2341-3764-1-PB.pdf:pdf},
mendeley-groups = {Mestrado/Artigos - MDE},
pages = {1--29},
title = {{Minera{\c{c}}{\~{a}}o de Dados Educacionais: Conceitos, T{\'{e}}c- nicas, Ferramentas e Aplica{\c{c}}{\~{o}}es}},
volume = {d},
year = {2012}
}

@article{silva2007evasao,
  title={A evas{\~a}o no ensino superior brasileiro},
  author={Silva Filho, Roberto Leal Lobo and Motejunas, Paulo Roberto and Hip{\'o}lito, Oscar and Lobo, Maria Beatriz de Carvalho Melo},
  journal={Cadernos de pesquisa},
  volume={37},
  number={132},
  pages={641--659},
  year={2007},
  publisher={SciELO Brasil}
}

@article{lykourentzou2009dropout,
  title={Dropout prediction in e-learning courses through the combination of machine learning techniques},
  author={Lykourentzou, Ioanna and Giannoukos, Ioannis and Nikolopoulos, Vassilis and Mpardis, George and Loumos, Vassili},
  journal={Computers \& Education},
  volume={53},
  number={3},
  pages={950--965},
  year={2009},
  publisher={Elsevier}
}

@mastersthesis{brito2013reuni,
  author       = {Maria Ivoneide de Lima Brito}, 
  title        = {Implementa{\c{c}}{\~a}o do REUNI na UnB (2008 – 2011): limites na amplia{\c{c}}{\~a}o
de vagas e redu{\c{c}}{\~a}o da evas{\~a}o},
  school       = {Universidade de Bras{\'{i}}lia (UnB)},
  year         = 2013,
  address      = {Universidade de Bras{\'{i}}lia (UnB)},
  month        = 10
}

@article{lykourentzou2009dropout,
  title={Dropout prediction in e-learning courses through the combination of machine learning techniques},
  author={Lykourentzou, Ioanna and Giannoukos, Ioannis and Nikolopoulos, Vassilis and Mpardis, George and Loumos, Vassili},
  journal={Computers \& Education},
  volume={53},
  number={3},
  pages={950--965},
  year={2009},
  publisher={Elsevier}
}

@misc{andifes1996diplomaccao,
  title={Diploma{\c{c}}{\~a}o, Reten{\c{c}}{\~a}o e Evas{\~a}o nos Cursos de Gradua{\c{c}}{\~a}o em Institui{\c{c}}{\~o}es de Ensino Superior P{\'u}blicas},
  author={ANDIFES and ABRUEM and SESu and MEC},
  year={1996},
  publisher={Comiss{\~a}o Especial de Estudos sobre a Evas{\~a}o nas Universidades P{\'u}blicas~…}
}

@article{Braz2019,
abstract = {Dropping out of school is a real challenge for educational specialists. Considering distance education classes, we have to deal with a huge number of students' disengagement with social and economic consequences. In order to solve the early drop out problem, this paper proposes the use of an Early Warning System capable of predicting the disengagement of students along the class and notify teachers about this behavior, enabling them to intervene in an effective way and make student's success possible. In order to evaluate our proposal, we carried out a case study which showed the feasibility of the proposal and the use of its technologies. The results pointed out a significant increase of gain in accuracy along the course, reaching 93{\%} of precision at the end.},
author = {Braz, Felipe and Campos, Fernanda and Stroele, Victor and Dantas, M{\'{a}}rio},
doi = {10.5753/cbie.sbie.2019.1441},
file = {:home/alexandre/.local/share/data/Mendeley Ltd./Mendeley Desktop/Downloaded/Braz et al. - 2019 - An Early Warning Model for School Dropout a Case Study in E-learning Class.pdf:pdf},
issn = {2316-6533},
mendeley-groups = {Mestrado/Inclu{\'{i}}dos},
number = {Cbie},
pages = {1441},
title = {{An Early Warning Model for School Dropout: a Case Study in E-learning Class}},
year = {2019}
}

@article{Burlamaqui2017,
abstract = {Este trabalho relata a aplica{\c{c}}{\~{a}}o de t{\'{e}}cnicas de minera{\c{c}}{\~{a}}o de dados em ambiente virtual de aprendizagem (AVA) que utiliza o Moodle como plataforma para realiza{\c{c}}{\~{a}}o de cursos de gradua{\c{c}}{\~{a}}o {\`{a}} dist{\^{a}}ncia. A minera{\c{c}}{\~{a}}o de dados educacionais produz m{\'{e}}todos e t{\'{e}}cnicas que objetivam a descoberta de padr{\~{o}}es que forne{\c{c}}am conhecimentos utiliz{\'{a}}veis na predi{\c{c}}{\~{a}}o dos processos de ensino e aprendizagem. O experimento utiliza dados reais de uma base hist{\'{o}}rica contendo treze turmas de cursos de gradua{\c{c}}{\~{a}}o, sendo parte de um estudo que visa melhorar o processo de ensino {\`{a}} dist{\^{a}}ncia da Universidade Federal do Rio Grande do Norte (UFRN).},
author = {Burlamaqui, Aquiles and Medeiros, Soraya and Valentim, Ricardo and Rabelo, Humberto and Rabelo, Danieli Silva de Souza},
doi = {10.5753/cbie.sbie.2017.1527},
file = {:home/alexandre/.local/share/data/Mendeley Ltd./Mendeley Desktop/Downloaded/Burlamaqui et al. - 2017 - Utiliza{\c{c}}{\~{a}}o de t{\'{e}}cnicas de minera{\c{c}}{\~{a}}o de dados educacionais para predi{\c{c}}{\~{a}}o de desempenho de alunos de EaD.pdf:pdf},
issn = {2316-6533},
journal = {Simp{\'{o}}sio Brasileiro de Inform{\'{a}}tica na Educa{\c{c}}{\~{a}}o (SBIE)},
keywords = {Educational Data Mining,Minera{\c{c}}{\~{a}}o de Dados Educacionais},
mendeley-groups = {Proposta/Buscas,Minera{\c{c}}{\~{a}}o de Dados Educacionais/SBIE,Minera{\c{c}}{\~{a}}o de Dados Educacionais/Evas{\~{a}}o/Incluidos,Mestrado/Inclu{\'{i}}dos},
mendeley-tags = {Minera{\c{c}}{\~{a}}o de Dados Educacionais},
number = {Cbie},
pages = {1527},
title = {{Utiliza{\c{c}}{\~{a}}o de t{\'{e}}cnicas de minera{\c{c}}{\~{a}}o de dados educacionais para predi{\c{c}}{\~{a}}o de desempenho de alunos de EaD em ambientes virtuais de aprendizagem}},
url = {https://www.br-ie.org/pub/index.php/sbie/article/download/7684/5479},
volume = {1},
year = {2017}
}

@article{Fernandes2017,
abstract = {Biofilms were the third-dimensional structure in the solid surface of bacteria. Bacterial biofilms were difficult to control by host defenses and antibiotic therapies. Escherichia coli (E. coli) and Salmonella were popular pathogenic bacteria that live in human and animal intestines. Essential oils are aromatic oily liquids from plant materials and well known for their antibacterial activities.},
author = {Fernandes, Warley Leite and Pitangui, Cristiano and Vivas, Alessandro and Assis, Luciana},
doi = {10.5753/cbie.wcbie.2017.734},
file = {:home/alexandre/.local/share/data/Mendeley Ltd./Mendeley Desktop/Downloaded/Fernandes et al. - 2017 - Previs{\~{a}}o de Desempenho de Estudantes usando o Algoritmo de Classifica{\c{c}}{\~{a}}o Associativa.pdf:pdf},
journal = {Anais dos Workshops do VI Congresso Brasileiro de Inform{\'{a}}tica na Educa{\c{c}}{\~{a}}o (CBIE 2017)},
mendeley-groups = {Minera{\c{c}}{\~{a}}o de Dados Educacionais/Evas{\~{a}}o/Incluidos,Mestrado/Inclu{\'{i}}dos},
number = {Cbie},
pages = {734},
title = {{Previs{\~{a}}o de Desempenho de Estudantes usando o Algoritmo de Classifica{\c{c}}{\~{a}}o Associativa}},
volume = {1},
year = {2017}
}

@article{Ramos2018,
author = {Ramos, Jorge Luis Cavalcanti and Silva, Jo{\~{a}}o and Prado, Leonardo and Gomes, Alex and Rodrigues, Rodrigo},
doi = {10.5753/cbie.sbie.2018.1463},
file = {:home/alexandre/.local/share/data/Mendeley Ltd./Mendeley Desktop/Downloaded/Ramos et al. - 2018 - Um estudo comparativo de classificadores na previs{\~{a}}o da evas{\~{a}}o de alunos em EAD.pdf:pdf},
journal = {Anais do XXIX Simp{\'{o}}sio Brasileiro de Inform{\'{a}}tica na Educa{\c{c}}{\~{a}}o (SBIE 2018)},
mendeley-groups = {Minera{\c{c}}{\~{a}}o de Dados Educacionais/Evas{\~{a}}o/Incluidos,Mestrado/Inclu{\'{i}}dos},
number = {Cbie},
pages = {1463},
title = {{Um estudo comparativo de classificadores na previs{\~{a}}o da evas{\~{a}}o de alunos em EAD}},
volume = {1},
year = {2018}
}

@article{Silva2015,
abstract = {This paper presents the results of a survey that is to create a predictive model of data mining in a Virtual Learning Environment (VLE). The obtained model aims to make the diagnosis of students evasion, based on their interactions in discussion forums, to help stakeholders in decision making. For this, experiments were performed with different sets of data being applied five classification algorithms and compared the performance of each. The results showed that the techniques based on the decision tree had the best performances and in some cases, achieved accuracy rate above 69{\%}.},
author = {Silva, Francisco and Silva, Josenildo Da and Silva, Reinaldo and Fonseca, Lu{\'{i}}s Carlos},
doi = {10.5753/cbie.sbie.2015.1187},
file = {:home/alexandre/.local/share/data/Mendeley Ltd./Mendeley Desktop/Downloaded/Silva et al. - 2015 - Um modelo preditivo para diagn{\'{o}}stico de evas{\~{a}}o baseado nas intera{\c{c}}{\~{o}}es de alunos em f{\'{o}}runs de discuss{\~{a}}o.pdf:pdf},
journal = {Anais do XXVI Simp{\'{o}}sio Brasileiro de Inform{\'{a}}tica na Educa{\c{c}}{\~{a}}o (SBIE 2015)},
mendeley-groups = {Minera{\c{c}}{\~{a}}o de Dados Educacionais/Evas{\~{a}}o/Incluidos,Mestrado/Inclu{\'{i}}dos},
number = {Sbie},
pages = {1187},
title = {{Um modelo preditivo para diagn{\'{o}}stico de evas{\~{a}}o baseado nas intera{\c{c}}{\~{o}}es de alunos em f{\'{o}}runs de discuss{\~{a}}o}},
volume = {1},
year = {2015}
}

@article{Bezerra2016,
abstract = {A evas{\~{a}}o escolar na educa{\c{c}}{\~{a}}o p{\'{u}}blica brasileira {\'{e}} um problema de grande propor{\c{c}}{\~{a}}o. Um em cada quatro brasileiros deixa a escola prematuramente, antes de terminar o ensino m{\'{e}}dio. Este trabalho faz um recorte do problema, ao analisar a evas{\~{a}}o escolar no {\'{u}}ltimo ano do ensino fundamental nas escolas p{\'{u}}blicas estaduais e municipais do estado de Pernambuco, com dados dos Censos Escolares 2011 e 2012. {\'{A}}rvore de Decis{\~{a}}o, Indu{\c{c}}{\~{a}}o de Regras e Regress{\~{a}}o Log{\'{i}}stica foram as t{\'{e}}cnicas para extra{\c{c}}{\~{a}}o de conhecimento aplicadas visando a identificar o perfil do aluno evasor e estimar a propens{\~{a}}o para tal. Os resultados mostraram que fatores como idade, turno das aulas e regi{\~{a}}o geogr{\'{a}}fica das escolas t{\^{e}}m forte influ{\^{e}}ncia na evas{\~{a}}o.},
author = {Bezerra, Camila and Scholz, Ricardo and Adeodato, Paulo and Lucas, Tarc{\'{i}}sio and Ataide, Itacira},
doi = {10.5753/cbie.sbie.2016.1096},
file = {:home/alexandre/.local/share/data/Mendeley Ltd./Mendeley Desktop/Downloaded/Bezerra et al. - 2016 - Evas{\~{a}}o Escolar Aplicando Minera{\c{c}}{\~{a}}o de Dados para Identificar Vari{\'{a}}veis Relevantes.pdf:pdf},
journal = {Anais do XXVII Simp{\'{o}}sio Brasileiro de Inform{\'{a}}tica na Educa{\c{c}}{\~{a}}o (SBIE 2016)},
mendeley-groups = {Minera{\c{c}}{\~{a}}o de Dados Educacionais/Evas{\~{a}}o/Incluidos,Mestrado/Inclu{\'{i}}dos},
number = {Cbie},
pages = {1096},
title = {{Evas{\~{a}}o Escolar: Aplicando Minera{\c{c}}{\~{a}}o de Dados para Identificar Vari{\'{a}}veis Relevantes}},
volume = {1},
year = {2016}
}

@article{Calixto2017,
abstract = {Este trabalho teve como objetivo a constru{\c{c}}{\~{a}}o de um estudo para identificar as vari{\'{a}}veis concernentes {\`{a}} evas{\~{a}}o escolar, utilizando os dados do censo educacional de 2014, 2015 e 2016 dos estados de Cear{\'{a}} e Sergipe. A metodologia CRISP-DM foi usada para entender, preparar e modelar os dados. Na separa{\c{c}}{\~{a}}o dos dados foi utilizado a ferramenta SPSS. As an{\'{a}}lises se deram por meio do SPSS e do RapidMiner, utilizadas para empregar t{\'{e}}cnicas de Indu{\c{c}}{\~{a}}o de Regras e Regress{\~{a}}o Log{\'{i}}stica. Os modelos criados apresentaram acur{\'{a}}cia em torno de 87{\%}. Al{\'{e}}m disso, a idade, etapa de ensino, modalidade de ensino, exist{\^{e}}ncia de laborat{\'{o}}rios e localiza{\c{c}}{\~{a}}o da escola se destacaram como vari{\'{a}}veis influentes na evas{\~{a}}o escolar.},
author = {Calixto, Kennet and Segundo, Caetano and de Gusm{\~{a}}o, Ren{\^{e}} Pereira},
doi = {10.5753/cbie.sbie.2017.1447},
file = {:home/alexandre/.local/share/data/Mendeley Ltd./Mendeley Desktop/Downloaded/Calixto, Segundo, Gusm{\~{a}}o - 2017 - Minera{\c{c}}{\~{a}}o de dados aplicada a educa{\c{c}}{\~{a}}o um estudo comparativo acerca das caracter{\'{i}}sticas que inf.pdf:pdf},
journal = {Anais do XXVIII Simp{\'{o}}sio Brasileiro de Inform{\'{a}}tica na Educa{\c{c}}{\~{a}}o (SBIE 2017)},
mendeley-groups = {Mestrado/Inclu{\'{i}}dos},
number = {Cbie},
pages = {1447},
title = {{Minera{\c{c}}{\~{a}}o de dados aplicada a educa{\c{c}}{\~{a}}o: um estudo comparativo acerca das caracter{\'{i}}sticas que influenciam a evas{\~{a}}o escolar}},
volume = {1},
year = {2017}
}

@article{Sales2019,
author = {Sales, Frederico and Mendes, Yan and Dembogurski, Bruno and Semaan, Gustavo and Silva, Edelberto and Ferreira, Francisco},
doi = {10.5753/cbie.sbie.2019.1371},
file = {:home/alexandre/.local/share/data/Mendeley Ltd./Mendeley Desktop/Downloaded/Sales et al. - 2019 - Evas{\~{a}}o no Ensino B{\'{a}}sico da Rede P{\'{u}}blica Municipal de Juiz de Fora uma An{\'{a}}lise com Minera{\c{c}}{\~{a}}o de Dados.pdf:pdf},
mendeley-groups = {Minera{\c{c}}{\~{a}}o de Dados Educacionais/Evas{\~{a}}o/Incluidos,Mestrado/Inclu{\'{i}}dos},
number = {Cbie},
pages = {1371},
title = {{Evas{\~{a}}o no Ensino B{\'{a}}sico da Rede P{\'{u}}blica Municipal de Juiz de Fora: uma An{\'{a}}lise com Minera{\c{c}}{\~{a}}o de Dados}},
year = {2019}
}

@article{Sachin2012,
abstract = {Educational data mining is an emerging trend, concerned with developing techniques for exploring, and analyzing the huge data that come from the educational context. EDM is poised to leverage an enormous amount of research from data mining community and apply that research to educational problems in learning, cognition and assessment. In recent years, Educational data mining has proven to be more successful at many of these educational statistics problems due to enormous computing power and data mining algorithms. This paper surveys the history and applications of data mining techniques in the educational field. The objective is to introduce data mining to traditional educational system, web-based educational system, intelligent tutoring system, and e-learning. This paper describes how to apply the main data mining techniques such as prediction, classification, relationship mining, clustering, and social area networking to educational data. {\textcopyright} 2012 IEEE.},
author = {Sachin, R. Barahate and Vijay, M. Shelake},
doi = {10.1109/ACCT.2012.14},
file = {:home/alexandre/.local/share/data/Mendeley Ltd./Mendeley Desktop/Downloaded/Sachin, Vijay - 2012 - A survey and future vision of data mining in educational field.pdf:pdf},
isbn = {9780769546407},
journal = {Proceedings - 2012 2nd International Conference on Advanced Computing and Communication Technologies, ACCT 2012},
keywords = {Educational Data Mining (EDM),data mining,knowledge discovery in databases (KDD)},
mendeley-groups = {Mestrado/Inclu{\'{i}}dos},
pages = {96--100},
title = {{A survey and future vision of data mining in educational field}},
year = {2012}
}

@article{Romero2013,
author = {Romero, Crist{\'{o}}bal and Ventura, Sebasti{\'{a}}n},
file = {:home/alexandre/.local/share/data/Mendeley Ltd./Mendeley Desktop/Downloaded/Romero, Ventura - 2013 - Educational Data Mining A Review of the State-of-the-Art.pdf:pdf},
isbn = {0301562903},
journal = {IEEE Transactions on Systems, Man, and Cybernetics, Part C (Applications and Reviews)},
mendeley-groups = {Mestrado/Artigos - MDE},
number = {X},
pages = {18--20},
title = {{Educational Data Mining: A Review of the State-of-the-Art}},
volume = {XX},
year = {2013}
}

@book{han2011data,
  title={Data mining: concepts and techniques},
  author={Han, Jiawei and Pei, Jian and Kamber, Micheline},
  year={2011},
  publisher={Elsevier}
}

@book{hosmer2013applied,
  title={Applied logistic regression},
  author={Hosmer Jr, David W and Lemeshow, Stanley and Sturdivant, Rodney X},
  volume={398},
  year={2013},
  publisher={John Wiley \& Sons}
}
