@misc{ wiki:xxx,
	author = "Wikipedia",
	title = "K-nearest neighbors algorithm --- Wikipedia{,} The Free Encyclopedia",
	year = "2015",
	url = "http://en.wikipedia.org/w/index.php?title=K-nearest_neighbors_algorithm&oldid=661965137",
	note = "[Online; accessed 31-May-2015]"
}

@article{granaidentificaccao,
  title={IDENTIFICA{\c{C}}{\~A}O BIOM{\'E}TRICA POR ANTROPOMETRIA UTILIZANDO O MICROSOFT KINECT},
  author={GRA{\~N}A GOMES DA SILVA, Gustavo and MATSUMURA ARAUJO, Ricardo and ORTIZ ANDERSSON, Virginia}
}
